<record><leader>00000cas a22000007a 4500</leader><controlfield tag="001">12948156</controlfield><controlfield tag="008">851221d19601972iaudn ne      0    0eng d</controlfield><controlfield tag="009">5087</controlfield><datafield ind1=" " ind2=" " tag="010"><subfield code="a">sn 85049906 </subfield></datafield><datafield ind1=" " ind2=" " tag="040"><subfield code="a">INP</subfield><subfield code="b">eng</subfield><subfield code="c">INP</subfield><subfield code="d">NSD</subfield><subfield code="d">OCLCQ</subfield><subfield code="d">DLC</subfield></datafield><datafield ind1="1" ind2=" " tag="029"><subfield code="a">AU@</subfield><subfield code="b">000025987627</subfield></datafield><datafield ind1=" " ind2=" " tag="042"><subfield code="a">msc</subfield></datafield><datafield ind1="0" ind2=" " tag="130"><subfield code="a">Burlington hawk-eye (Burlington, Iowa : 1960)</subfield></datafield><datafield ind1="1" ind2="4" tag="245"><subfield code="a">The Burlington hawk-eye.</subfield></datafield><datafield ind1="3" ind2="0" tag="246"><subfield code="a">Hawk-eye</subfield></datafield><datafield ind1="3" ind2="0" tag="246"><subfield code="a">Sunday hawk-eye</subfield></datafield><datafield ind1=" " ind2=" " tag="260"><subfield code="a">Burlington, Iowa :</subfield><subfield code="b">Burlington Hawk-eye Co.,</subfield><subfield code="c">1960-1972.</subfield></datafield><datafield ind1=" " ind2=" " tag="300"><subfield code="a">v. :</subfield><subfield code="b">ill. ;</subfield><subfield code="c">60 cm.</subfield></datafield><datafield ind1=" " ind2=" " tag="310"><subfield code="a">Daily (except Saturday)</subfield></datafield><datafield ind1="0" ind2=" " tag="362"><subfield code="a">Vol. 123, no. 257 (May 9, 1960)-v. 129, no. 299 (June 29, 1965) ; 128th year, no. 300 (June 30, 1965)-136th year, no. 18 (July 30, 1972).</subfield></datafield><datafield ind1=" " ind2=" " tag="500"><subfield code="a">Sunday edition called: Sunday hawk-eye, Dec. 13, 1970-July 23, 1972.</subfield></datafield><datafield ind1=" " ind2=" " tag="500"><subfield code="a">Originally edited by: Stuart Awbry.</subfield></datafield><datafield ind1=" " ind2=" " tag="752"><subfield code="a">United States</subfield><subfield code="b">Iowa</subfield><subfield code="c">Des Moines</subfield><subfield code="d">Burlington.</subfield></datafield><datafield ind1="0" ind2="0" tag="780"><subfield code="t">Burlington hawk-eye gazette</subfield><subfield code="w">(DLC)sn 85049905</subfield><subfield code="w">(OCoLC)12948452</subfield></datafield><datafield ind1="0" ind2="0" tag="785"><subfield code="t">Hawk eye (Burlington, Iowa : 1972)</subfield><subfield code="x">1073-9297</subfield><subfield code="w">(DLC)sn 85049907</subfield></datafield></record>